@article{roth1962continuity,
    title = {Continuity of psychrophilic and mesophilic growth characteristics in the genus {Arthrobacter}},
    volume = {83},
    number = {3},
    journal = {Journal of Bacteriology},
    author = {Roth, Norman G and Wheaton, Robert B},
    year = {1962},
    pages = {551--555},
}
@article{sivonen1990effects,
    title = {Effects of light, temperature, nitrate, orthophosphate, and bacteria on growth of and hepatotoxin production by {Oscillatoria} agardhii strains},
    volume = {56},
    number = {9},
    journal = {Applied and environmental microbiology},
    author = {Sivonen, Kaarina},
    year = {1990},
    pages = {2658--2666},
}
@article{bae2014growth,
    title = {Growth characteristics and biofilm formation of various spoilage bacteria isolated from fresh produce},
    volume = {79},
    number = {10},
    journal = {Journal of Food Science},
    author = {Bae, Young-Min and Zheng, Ling and Hyun, Jeong-Eun and Jung, Kyu-Seok and Heu, Sunggi and Lee, Sun-Young},
    year = {2014},
    note = {Publisher: Wiley Online Library},
    pages = {M2072--M2080},
}
@article{gill1991growth,
    title = {Growth of {Escherichia} coli and {Salmonella} typhimurium on high-{pH} beef packed under vacuum or carbon dioxide},
    volume = {13},
    number = {1},
    journal = {International journal of food microbiology},
    author = {Gill, CO and DeLacy, KM},
    year = {1991},
    note = {Publisher: Elsevier},
    pages = {21--30},
}
@article{bernhardt2018metabolic,
    title = {Metabolic theory and the temperature-size rule explain the temperature dependence of population carrying capacity},
    volume = {192},
    number = {6},
    journal = {The American Naturalist},
    author = {Bernhardt, Joey R and Sunday, Jennifer M and O’Connor, Mary I},
    year = {2018},
    note = {Publisher: University of Chicago Press Chicago, IL},
    pages = {687--697},
}
@article{zwietering1994modeling,
    title = {Modeling of bacterial growth with shifts in temperature},
    volume = {60},
    number = {1},
    journal = {Applied and Environmental Microbiology},
    author = {Zwietering, MH and De Wit, JC and Cuppers, HGAM and Van't Riet, K},
    year = {1994},
    pages = {204--213},
}
@article{galarz2016predicting,
    title = {Predicting bacterial growth in raw, salted, and cooked chicken breast fillets during storage},
    volume = {22},
    number = {6},
    journal = {Food Science and Technology International},
    author = {Galarz, Liane Aldrighi and Fonseca, Gustavo Graciano and Prentice, Carlos},
    year = {2016},
    note = {Publisher: SAGE Publications Sage UK: London, England},
    pages = {461--474},
}
@article{kennedy_canine_2019,
    title = {Canine and phocine distemper viruses: global spread and genetic basis of jumping species barriers},
    volume = {11},
    number = {10},
    journal = {Viruses},
    author = {Kennedy, Judith M and Earle, JA Philip and Omar, Shadia and Abdullah, Hani’ah and Nielsen, Ole and Roelke-Parker, Melody E and Cosby, S Louise},
    year = {2019},
    note = {Publisher: MDPI},
    pages = {944},
}
@article{karnat2024study,
    title = {Study of changes in functional properties of fermented {Idli} batter during storage under different temperature conditions},
    volume = {3},
    journal = {Food and Humanity},
    author = {Karnat, S Rohini and Sarma, MVRK and Somashekar, D},
    year = {2024},
    note = {Publisher: Elsevier},
    pages = {100377},
}
@article{stannard1985temperature,
    title = {Temperature/growth relationships for psychrotrophic food-spoilage bacteria},
    volume = {2},
    number = {2},
    journal = {Food Microbiology},
    author = {Stannard, CJ and Williams, AP and Gibbs, PA},
    year = {1985},
    note = {Publisher: Elsevier},
    pages = {115--122},
}
@article{phillips1987relation,
    title = {The relation between temperature and growth of bacteria in dairy products},
    volume = {4},
    number = {2},
    journal = {Food Microbiology},
    author = {Phillips, JD and Griffiths, MW},
    year = {1987},
    note = {Publisher: Elsevier},
    pages = {173--185},
}
@article{zwietering1990modeling,
    title = {Modeling of the bacterial growth curve},
    volume = {56},
    number = {6},
    journal = {Applied and environmental microbiology},
    author = {Zwietering, Marcel H and Jongenburger, Ida and Rombouts, Frank M and Van't Riet, KJAEM},
    year = {1990},
    pages = {1875--1881},
}
@article{verhulst1838notice,
    title = {Notice sur la loi que la population suit dans son accroissement},
    volume = {10},
    journal = {Correspondence mathematique et physique},
    author = {Verhulst, Pierre-François},
    year = {1838},
    pages = {113--129},
}
@article{tsoularis2002analysis,
    title = {Analysis of logistic growth models},
    volume = {179},
    number = {1},
    journal = {Mathematical biosciences},
    author = {Tsoularis, Anastasios and Wallace, James},
    year = {2002},
    note = {Publisher: Elsevier},
    pages = {21--55},
}
@article{ratkowsky1982relationship,
    title = {Relationship between temperature and growth rate of bacterial cultures},
    volume = {149},
    number = {1},
    journal = {Journal of bacteriology},
    author = {Ratkowsky, David A and Olley, June and McMeekin, TA and Ball, Andrew},
    year = {1982},
    pages = {1--5},
}
@article{transtrum2012improvements,
    title = {Improvements to the {Levenberg}-{Marquardt} algorithm for nonlinear least-squares minimization},
    journal = {arXiv preprint arXiv:1201.5885},
    author = {Transtrum, Mark K and Sethna, James P},
    year = {2012},
}
@article{anderson2004model,
    title = {Model selection and multi-model inference},
    volume = {63},
    number = {2020},
    journal = {Second. NY: Springer-Verlag},
    author = {Anderson, D and Burnham, K},
    year = {2004},
    pages = {10},
}
@article{johnson2004model,
    title = {Model selection in ecology and evolution},
    volume = {19},
    number = {2},
    journal = {Trends in ecology \& evolution},
    author = {Johnson, Jerald B and Omland, Kristian S},
    year = {2004},
    note = {Publisher: Elsevier},
    pages = {101--108},
}
@article{posada2004model,
    title = {Model selection and model averaging in phylogenetics: advantages of {Akaike} information criterion and {Bayesian} approaches over likelihood ratio tests},
    volume = {53},
    number = {5},
    journal = {Systematic biology},
    author = {Posada, David and Buckley, Thomas R},
    year = {2004},
    note = {Publisher: Society of Systematic Zoology},
    pages = {793--808},
}
@article{Peleg01122011,
    title = {Microbial growth curves: {What} the models tell us and what they cannot},
    volume = {51},
    url = {https://doi.org/10.1080/10408398.2011.570463},
    doi = {10.1080/10408398.2011.570463},
    number = {10},
    journal = {Critical Reviews in Food Science and Nutrition},
    author = {Peleg, Micha and Corradini, Maria G.},
    year = {2011},
    note = {Publisher: Taylor \& Francis
tex.eprint: https://doi.org/10.1080/10408398.2011.570463},
    pages = {917--945},
}
@article{esser2015modeling,
    title = {Modeling microbial growth and dynamics},
    volume = {99},
    journal = {Applied microbiology and biotechnology},
    author = {Esser, Daniel S and Leveau, Johan HJ and Meyer, Katrin M},
    year = {2015},
    note = {Publisher: Springer},
    pages = {8831--8846},
}
@incollection{maier2015bacterial,
    title = {Bacterial growth},
    booktitle = {Environmental microbiology},
    publisher = {Elsevier},
    author = {Maier, Raina M and Pepper, Ian L},
    year = {2015},
    pages = {37--56},
}
@article{michaelis1913kinetik,
    title = {Die kinetik der invertinwirkung},
    volume = {49},
    number = {333-369},
    journal = {Biochem. z},
    author = {Michaelis, Leonor and Menten, Maud L and {others}},
    year = {1913},
    note = {Publisher: Berlin},
    pages = {352},
}
@book{motulsky2004fitting,
    title = {Fitting models to biological data using linear and nonlinear regression: a practical guide to curve fitting},
    publisher = {Oxford University Press},
    author = {Motulsky, Harvey and Christopoulos, Arthur},
    year = {2004},
}
@article{garcia2021primary,
    title = {Primary model for biomass growth prediction in batch fermentation},
    volume = {13},
    number = {08},
    journal = {Symmetry},
    author = {Garcia, Blanca E and Rodriguez, Emmanuel and Salazar, Yolocuauhtli and Valle, Paul A and Flores-Gallegos, Adriana C and Rutiaga-Quiñones, O Miriam and Rodriguez-Herrera, Raul},
    year = {2021},
    note = {Publisher: MDPI},
    pages = {1468},
}
@article{lo2023generalized,
    title = {Generalized logistic model of bacterial growth},
    volume = {29},
    number = {1},
    journal = {Mathematical and Computer Modelling of Dynamical Systems},
    author = {Lo Grasso, Anna and Fort, Ada and Mahdizadeh, Fariba Fahmideh and Magnani, Agnese and Mocenni, Chiara},
    year = {2023},
    note = {Publisher: Taylor \& Francis},
    pages = {169--185},
}
@article{buchanan1997simple,
    title = {When is simple good enough: a comparison of the {Gompertz}, {Baranyi}, and three-phase linear models for fitting bacterial growth curves},
    volume = {14},
    number = {4},
    journal = {Food microbiology},
    author = {Buchanan, RL and Whiting, RC and Damert, WC},
    year = {1997},
    note = {Publisher: Elsevier},
    pages = {313--326},
}
@article{dell2011systematic,
    title = {Systematic variation in the temperature dependence of physiological and ecological traits},
    volume = {108},
    number = {26},
    journal = {Proceedings of the National Academy of Sciences},
    author = {Dell, Anthony I and Pawar, Samraat and Savage, Van M},
    year = {2011},
    note = {Publisher: National Academy of Sciences},
    pages = {10591--10596},
}